<record xmlns="http://www.loc.gov/MARC21/slim" xmlns:xsi="http://www.w3.org/2001/XMLSchema-instance" xsi:schemaLocation="http://www.loc.gov/MARC21/slim http://www.loc.gov/standards/marcxml/schema/MARC21slim.xsd"><leader>00037nz   2200037n  4500</leader><controlfield tag="001">DNB|100939562</controlfield><controlfield tag="003">DNB</controlfield><controlfield tag="005">20061123230241.0</controlfield><controlfield tag="008">910104|||az|nnaa|||||||||||| a|aaa|||| d</controlfield><datafield ind1="7" ind2=" " tag="016"><subfield code="a">100939562</subfield><subfield code="2">GyFmDB</subfield></datafield><datafield ind1=" " ind2=" " tag="040"><subfield code="a">0000</subfield><subfield code="b">ger</subfield><subfield code="d">9999</subfield><subfield code="f">RAK-PND</subfield></datafield><datafield ind1="0" ind2=" " tag="100"><subfield code="a">Constantinus,</subfield><subfield code="c">Siculus</subfield><subfield code="d">9. Jh.</subfield></datafield><datafield ind1="0" ind2=" " tag="400"><subfield code="a">Konstantinos,</subfield><subfield code="c">der Sizilier</subfield><subfield code="d">9. Jh.</subfield></datafield><datafield ind1="0" ind2=" " tag="400"><subfield code="a">Costantino,</subfield><subfield code="c">Siculo</subfield><subfield code="d">9. Jh.</subfield></datafield><datafield ind1="1" ind2=" " tag="400"><subfield code="a">Siculus, Constantinus</subfield><subfield code="d">9. Jh.</subfield></datafield><datafield ind1=" " ind2=" " tag="670"><subfield code="a">Tusculum-Lexikon; CSGL</subfield></datafield></record>